% ------------------------------------------------------------------------
% BIBLIOGRAPHY FILE for my Research on Chaotic Cryptography
% Made by Li Shujun, Jan. 2002, updated in Jan. 2003
% Welcome to visit my web site: http://www.hooklee.com
% ------------------------------------------------------------------------
@STRING{IJBC={Int. J. Bifurcation and Chaos}}
@STRING{IEEETCAS={IEEE Trans. Circuits and Systems}}
@STRING{IEEETCASI={IEEE Trans. Circuits and Systems--I}}
@STRING{IEEECASM={IEEE Circuits and Systems Maganize}}
@STRING{IEEETCASII={IEEE Trans. Circuits and Systems--II}}
@STRING{IEEETC={IEEE Trans. Communications}}
@STRING{IEEETCE={IEEE Trans. Consuming Eletronics}}
@STRING{IEEETComp={IEEE Trans. Computers}}
@STRING{IEEETIT={IEEE Trans. Information Theory}}
@STRING{IEEETSP={IEEE Trans. Signal Processing}}
@STRING{IEEESPM={IEEE Signal Processing Maganize}}
@STRING{AESChina={����ѧ��}}
@STRING{ISCAS={Proc. IEEE Int. Symposium Circuits and Systems}}
@STRING{IEICE={Trans. IEICE}}
@STRING{oldIEICE={Trans. IECE Japan}}
@STRING{IJCTA={Int. J. Circuit Theory and Applications}}
@STRING{JCSC={J. Circuits, Systems and Computers}}
@STRING{CPC={Computer Physics Communications}}
@STRING{CMP={Communications in Mathematical Physics}}
@STRING{PRL={Physical Review Letters}}
@STRING{PRA={Physical Review A}}
@STRING{PRE={Physical Review E}}
@STRING{PLA={Physics Letters A}}
@STRING{LNCS={Lecture Notes in Computer Science}}

% Digital Chaotic Ciphers Proposed after Year 2000
% including two original papers respectively published in 1998 and 1999
@article{Fitzek:2001,
 author               = {Fitzek, F. H. P. and Reisslein, M.},
 journal              = {Network, IEEE},
 number               = {6},
 pages                = {40--54},
 title                = {MPEG-4 and H.263 video traces for network performance evaluation},
 volume               = {15},
 year                 = {2001},
 }

@electronic{h_264_codec,
 key                  = {H264_codec},
 title                = {{H.264/AVC} Reference Software Website},
 url                  = {http://iphome.hhi.de/suehring/tml/download/},
 year                 = {2009},
 }

@conference{Ke:2006,
 address              = {TaiWan},
 author               = {Ke, Chih-Heng and Lin, Cheng-Han},
 booktitle            = {The IEEE International Conference on Sensor Networks, Ubiquitous, and Trustworthy Computing (SUTC2006)},
 month                = {June},
 title                = {A Novel Realistic Simulation Tool for Video Transmission over Wireless Network},
 year                 = {2006},
 }

@conference{Klaue:2003,
 address              = {Urbana, Illinois, USA},
 author               = {Klaue, J. and Rathke, B. and Wolisz, A.},
 booktitle            = {The International Conference on Modelling Techniques and Tools for Computer Performance Evaluation},
 month                = {September},
 title                = {EvalVid - A framework for video transmission and quality evaluation},
 year                 = {2003},
 }

@conference{Liu:2006,
 author               = {Liu, Guizhong and Su, Rui and Yan, Zhiwei and Zhang, Qing},
 booktitle            = {HHME},
 journal              = {Unknown Journal},
 month                = {October},
 note                 = {in Chinese},
 title                = {Real-time Video Transmission Simulation Framework for {H.264/AVC}},
 year                 = {2006},
 }

@electronic{NCTU_ns,
 key                  = {NCTU_ns},
 title                = {The NCTUns Network Simulator and Emulator Website},
 url                  = {http://nsl.csie.nctu.edu.tw/nctuns.html},
 year                 = {2009},
 }

@electronic{NS2,
 key                  = {NS2},
 title                = {The network simulator NS2 Website},
 url                  = {http://www.isi.edu/nsnam/ns/},
 year                 = {2009},
 }

@electronic{OMNeT,
 key                  = {OMNeT},
 title                = {The OMNeT discrete event simulation environment Website},
 url                  = {http://www.omnetpp.org/},
 year                 = {2009},
 }

@electronic{OPnet,
 key                  = {OPnet},
 title                = {The OPnet communication networks Simulator and Emulator Website},
 url                  = {http://www.opnet.com/},
 year                 = {2009},
 }

@electronic{SSFnet,
 key                  = {SSFnet},
 title                = {The Scalable Simulation Framework Website},
 url                  = {http://www.ssfnet.org/},
 year                 = {2009},
 }

@phdthesis{Su:2009,
 author               = {Su, Rui},
 note                 = {in Chinese},
 school               = {Xi'an Jiaotong University},
 title                = {Research on H.264/AVC Video Encoding and Transmitting Algorithms and Design of Their Evaluation Systems},
 year                 = {2009},
 }

@article{Wu:2000,
 author               = {Wu, Dapeng and Hou, Yiwei T. and Zhang, Ya-Qin},
 journal              = {Proceedings of the IEEE},
 number               = {12},
 pages                = {1855--1877},
 title                = {Transporting real-time video over the Internet: challenges and approaches},
 volume               = {88},
 year                 = {2000},
 }

@article{Wu:2001,
 author               = {Wu, Dapeng and Hou, Y. T. and Zhu, Wenwu and Zhang, Ya-Qin and Peha, J. M.},
 journal              = {Circuits and Systems for Video Technology, IEEE Transactions on},
 number               = {3},
 pages                = {282--300},
 title                = {Streaming video over the Internet: approaches and directions},
 volume               = {11},
 year                 = {2001},
 }

@TECHREPORT{IEEE:802_16D:2005,
  AUTHOR =       {IEEE 802.16 Working Group},
  TITLE =        {IEEE Standard for Local and metropolitan area networks, Part 16: Air Interface for Fixed Broadband Wireless Access Systems},
  INSTITUTION =  {IEEE Std.},
  YEAR =         {May 2005},
  keywords =     {standard,IEEE},
}

@TECHREPORT{IEEE:802_16E:2006,
  AUTHOR =       {IEEE 802.16 Working Group},
  TITLE =        {IEEE Standard for Local and metropolitan area networks Part 16: Air Interface for Fixed and Mobile Broadband Wireless Access Systems Amendment 2},
  INSTITUTION =  {IEEE Std.},
  YEAR =         {Febuary 2006},
  keywords =     {standard,IEEE},
}

@ARTICLE{Pollini:1996:THD, 
author={Pollini, G.P.}, 
journal={Communications Magazine, IEEE}, title={Trends in handover design}, 
year={1996}, 
volume={34}, 
number={3}, 
pages={82-90}, 
keywords={cell boundary crossings;cell sizes;cellular system;coverage area;handover control;handover design;handover performance;handover research;macrocells;microcells;cellular radio;telecommunication control;}, 
doi={10.1109/35.486807}, 
ISSN={0163-6804},}

@INPROCEEDINGS{Wright:ICMB2007,
author={Wright, D.J.},
booktitle={International Conference on Management of Mobile Business: ICMB}, 
title={Maintaining QoS During Handover Among Multiple Wireless Access Technologies},
year={2007},
volume={},
number={},
pages={10 -15},
keywords={3GPP;IP layer;Internet session;Mobile-Fi;PSTN handover;QoS maintenance;Quality of Service;UMTS;WPAN;WiFi;WiMAX;comparative analysis;multiple wireless access technology;seamless handover;video streaming;voice over IP;wireless link layer;3G mobile communication;IP networks;Internet telephony;WiMax;multi-access systems;quality of service;radio access networks;radio links;voice communication;wireless LAN;},
doi={10.1109/ICMB.2007.40},
ISSN={},}

@INPROCEEDINGS{Hsieh:INFOCOM2003,
author={Hsieh, R. and Zhou, Z.G. and Seneviratne, A.},
booktitle={Twenty-Second Annual Joint Conference of the IEEE Computer and Communications: INFOCOM}, 
title={S-MIP: a seamless handoff architecture for mobile IP},
year={2003},
volume={3},
number={},
pages={1774 - 1784},
keywords={ 802.11 access technology; address resolution delay; audio streaming; data handling; delay sensitive real-time applications; fast-handoff mechanism; handoff algorithm; handoff delay; hierarchical management structure; integrated hierarchical mobile IP; mathematical analysis; network registration time; packet lossless quality-of-service guarantee; seamless handoff architecture; signaling overhead; software-based movement tracking techniques; wireless links; IEEE standards; IP networks; data handling; mobile radio; performance evaluation; quality of service; radio tracking; time management;},
doi={},
ISSN={0743-166X},}

@INPROCEEDINGS{DooHwan:WPC2006,
author={Doo Hwan Lee and Kyamakya, K. and Umondi, J.P.},
booktitle={The 1st International Symposium on Wireless Pervasive Computing}, 
title={Fast handover algorithm for IEEE 802.16e broadband wireless access system},
year={2006},
month={16-18},
volume={},
number={},
pages={16-21},
keywords={ IEEE 802.16e; OFDMA; arrival time difference; base station; broadband wireless access system; fast handover algorithm; handover process system; network topology acquisition; scanning process; wireless metropolitan area networks; WiMax; broadband networks; radio access networks; telecommunication network topology;},
doi={10.1109/ISWPC.2006.1613600},
ISSN={},}

@INPROCEEDINGS{MinsikICACT2006,
author={Minsik Shim and Hwasung Kim and Sangho Lee},
booktitle={The 8th International Conference on Advanced Communication Technology: ICACT}, 
title={A fast handover mechanism for IPv6 based WiBro system},
year={2006},
volume={2},
number={},
pages={944 -950},
keywords={IP-mobility;IPv6;WiBro system;fast handover mechanism;handover latency;loss-free packet delivery;mobile IPv6 protocol;packet loss;wireless broadband Internet;IP networks;Internet;broadband networks;mobile radio;transport protocols;},
doi={10.1109/ICACT.2006.206128},
ISSN={},}

@INPROCEEDINGS{JenHui:AUSWIRELESS:2007,
author={Jenhui Chen and Chih-Chieh Wang and Jiann-Der Lee},
booktitle={The 2nd International Conference on Wireless Broadband and Ultra Wideband Communications}, 
title={Pre-Coordination Mechanism for Fast Handover in WiMAX Networks},
year={2007},
volume={},
number={},
pages={15-20},
keywords={BWA technology;IEEE 802.16e standard;MSS;WiMAX network;broadband wireless access;handover disruption time;mobile subscriber station;multimedia streaming;precoordination mechanism;real-time service;resource preallocation;WiMax;broadband networks;mobile radio;multimedia communication;radio access networks;resource allocation;},
doi={10.1109/AUSWIRELESS.2007.60},
ISSN={},}

@INPROCEEDINGS{LingVTC2007,
author={Ling Chen and Xuejun Cai and Sofia, R. and Zhen Huang},
booktitle={The IEEE 66th Vehicular Technology Conference: VTC}, 
title={A Cross-Layer Fast Handover Scheme For Mobile WiMAX},
year={2007},
month={sept.},
volume={},
number={},
pages={1578-1582},
keywords={OSI Layers;cross-layer fast handover scheme;mobile WiMAX;wireless broadband;WiMax;mobile radio;},
doi={10.1109/VETECF.2007.335},
ISSN={1090-3038},}

@INPROCEEDINGS{Wenhua:ICC2007,
author={Wenhua Jiao and Pin Jiang and Yuanyuan Ma},
booktitle={IEEE International Conference on Communications: ICC}, 
title={Fast Handover Scheme for Real-Time Applications in Mobile WiMAX},
year={2007},
month={24-28},
volume={},
number={},
pages={6038-6042},
keywords={CID assignment;IEEE 802.16e standard;Mobile WiMAX;broadband wireless communication;fast handover scheme;hard handover;link-layer QoS aware handover;mobility support;packet loss probability;passport handover;real-time applications;real-time downlink data transmission interruption;uplink data transmission delay;WiMax;broadband networks;wireless LAN;},
doi={10.1109/ICC.2007.1000},
ISSN={},}

@ARTICLE{Hu:TVT2004,
author={Hu, F. and Sharma, N.K.},
journal={ IEEE Transactions on Vehicular Technology}, 
title={Priority-determined multiclass handoff scheme with guaranteed mobile QoS in wireless multimedia networks},
year={2004},
month={jan.},
volume={53},
number={1},
pages={ 118 - 135},
keywords={ call admission control; call-blocking probability; call-dropping probability; cellular networks; mobile QoS; multiclass handoff scheme; multimedia traffic; quality of service; wireless multimedia network; cellular radio; channel allocation; discrete event systems; multimedia communication; probability; quality of service; radio networks; telecommunication congestion control; telecommunication traffic;},
doi={10.1109/TVT.2003.819614},
ISSN={0018-9545},}

@INPROCEEDINGS{Leung:WCNC2005,
author={Leung, K.K. and Mukherjee, S. and Rittenhouse, G.E.},
booktitle={IEEE Wireless Communications and Networking Conference}, 
title={Mobility support for IEEE 802.1.6d wireless networks},
year={2005},
month={13-17},
volume={3},
number={},
pages={ 1446 - 1452},
keywords={ IEEE 802.1.6d wireless networks; OFDMA mode; backhaul network; bit error rate; current base station operational parameter forwarding; message exchange protocols; mobility support; moving terminal reception; network protocols; seamless connection handoff; terminal initialization process; terminal speed; wireless MAN; IEEE standards; error statistics; metropolitan area networks; mobility management (mobile radio); protocols;},
doi={10.1109/WCNC.2005.1424728},
ISSN={1525-3511},}

@BOOK{JPST:ECCH1976,
  author =       {Odenwalder, J. P.},
  title =        {Error Control Coding Handbook},
  publisher =    {Linkabit Corporation},
  year =         {July,1976},
  address =      {San Diego, CA},
  edition =      {},
}

@BOOK{GLST:PMC2002,
  author =       {G. L. St$\ddot{u}$ber},
  title =        {Principles of Mobile Communication},
  publisher =    { Kluwer Academic Publishers},
  year =         {2002},
  address =      {Boston, MA},
  edition =      {2 ed},
}

@ARTICLE{Y-Xiao.IEICE.TC.2001,
author={Yang Xiao and Philip Chen  and Yan Wang  },
journal={ Communications , IEICE Transactions on}, 
title={Optimal Admission Control for Multi-Class of Wireless Adaptive Multimedia Services},
year={2001},
month={april },
volume={E84-B},
number={4},
pages={795-804},
ISSN={0916-8516}}

@INPROCEEDINGS{ J-Y-Liu.ICIP.2009,
author={Jiaying Liu and Zongming Guo and Yongjin Cho},
booktitle={Image Processing (ICIP), 2009 16th IEEE International Conference on}, title={Bit allocation for joint spatial-quality scalability in H.264/SVC},
year={2009},
month={7-10},
volume={},
number={},
pages={3737 -3740},
keywords={H.264/SVC;Lagrangian multiplier;R-D model;interlayer dependency;low-complexity bit allocation;model-based layer bit allocation;optimization;rate and distortion model;spatial-quality scalability;video coding;},
doi={10.1109/ICIP.2009.5414439},
ISSN={1522-4880},}

@ARTICLE{D-Strato.CL.2009,
author={Stratogiannis, D. and Tsiropoulos, G. and Kanellopoulos, J. and Cottis, P.},
journal={Communications Letters, IEEE}, title={Probabilistic call admission control in wireless multiservice networks},
year={2009},
month={october },
volume={13},
number={10},
pages={746 -748},
keywords={Markov chain;admission rate;pobabilistic call admission control;wireless multiservice networks;Markov processes;probability;radio networks;telecommunication congestion control;},
doi={10.1109/LCOMM.2009.091327},
ISSN={1089-7798},}

@ARTICLE{Y-Qian.TWC.2006,
author={Yi Qian and Hu, R.Q.-Y. and Hsiao-Hwa Chen},
journal={Wireless Communications, IEEE},
title={A call admission control framework for voice over WLANs},
year={2006},
month={feb.},
volume={13},
number={1},
pages={ 44 - 50},
keywords={ QoS; VoIP; WLAN voice manager; access networks; call admission control framework; cellular radio; quality of service; voice over IP; voice over WLAN; voice traffic; wireless local area networks; Internet telephony; cellular radio; computer network management; mobility management (mobile radio); quality of service; radio access networks; telecommunication congestion control; telecommunication traffic; wireless LAN;},
doi={10.1109/MWC.2006.1593524},
ISSN={1536-1284},}

@ARTICLE{E-H-Yang.TIP.2007,
author={En-Hui Yang and Xiang Yu},
journal={Image Processing, IEEE Transactions on}, 
title={Rate Distortion Optimization for H.264 Interframe Coding: A General Framework and Algorithms},
year={2007},
month={july },
volume={16},
number={7},
pages={1774 -1784},
doi={10.1109/TIP.2007.896685},
ISSN={1057-7149},}

@INPROCEEDINGS{G-Djuka.TELSIK.2007,
author={Djukanovic, G. and Gospic, N. and Sunjevaric, M.},
booktitle={Telecommunications in Modern Satellite, Cable and Broadcasting Services, 2007. TELSIKS 2007. 8th International Conference on},
title={CAC Negotiation Algorithm Proposal for Higher QoS in Heterogeneous Wireless Networks},
year={2007},
month={26-28},
volume={},
number={},
pages={19 -22},
doi={10.1109/TELSKS.2007.4375928},
ISSN={}}

@ARTICLE{Y-G-Fang.TVT.2002,
author={Yuguang Fang and Yi Zhang},
journal={Vehicular Technology, IEEE Transactions on}, title={Call admission control schemes and performance analysis in wireless mobile networks},
year={2002},
month={mar},
volume={51},
number={2},
pages={371 -382},
doi={10.1109/25.994812},
ISSN={0018-9545},}


@ARTICLE{He1013856,
title={Joint source channel rate-distortion analysis for adaptive mode selection and rate control in wireless video coding},
author={Zhihai He and Jianfei Cai and Chang Wen Chen},
journal={Circuits and Systems for Video Technology, IEEE Transactions on},
year={2002},
month={Jun},
volume={12},
number={6},
pages={511-523},
doi={10.1109/TCSVT.2002.800313},
ISSN={1051-8215}, }

@ARTICLE{Leong1608642,
title={Optimal resource allocation and adaptive call admission control for voice/data integrated cellular networks},
author={Leong, C.W. and Weihua Zhuang and Yu Cheng and Lei Wang},
journal={Vehicular Technology, IEEE Transactions on},
year={2006},
month={March},
volume={55},
number={2},
pages={ 654-669},
doi={10.1109/TVT.2005.858186},
ISSN={0018-9545}, }

@article{Zhai2005,
Author = {Zhai, X. P. and Bi, G. G. and Xu, P. P.},
Title = {Call admission control with bandwidth reallocation for adaptive multimedia in high-rate short-range wireless networks},
Journal = {Chinese Journal of Electronics},
Volume = {14},
Number = {1},
Pages = {169-173},
Year = {2005} }

@article{EL-Kadi2002,
author = {Mona El-Kadi and Stephan Olariu and Hussein Abdel-Wahab},
title = {A Rate-Based Borrowing Scheme for QoS Provisioning in Multimedia Wireless Networks},
journal ={IEEE Transactions on Parallel and Distributed Systems},
volume = {13},
number = {2},
issn = {1045-9219},
year = {2002},
pages = {156-166},
doi = {http://doi.ieeecomputersociety.org/10.1109/71.983943},
publisher = {IEEE Computer Society},
address = {Los Alamitos, CA, USA},
}
@article{Ni2009,
Author = {Ni, W. L. and Li, W. and Alam, M.},
Title = {Determination of Optimal Call Admission Control Policy in Wireless Networks},
Journal = {IEEE Transactions on Wireless Communications},
Volume = {8},
Number = {2},
Pages = {1038-1044},
Year = {2009}}

@article{Song2009,
Author = {Song, W. and Zhuang, W. H.},
Title = {Multi-Service Load Sharing for Resource Management in the Cellular/WLAN Integrated Network},
Journal = {IEEE Transactions on Wireless Communications},
Volume = {8},
Number = {2},
Pages = {725-735},
Year = {2009} }

@article{Yilmax2009,
Author = {Yilmaz, O. and Chen, I. R.},
Title = {Utilizing call admission control for pricing optimization of multiple service classes in wireless cellular networks},
Journal = {Computer Communications},                                              
Volume = {32},                                                                   
Number = {2},                                                                   
Pages = {317-323},                                                             
Year = {2009} }                                                               

 @ARTICLE{Letaief2006,
title={Dynamic multiuser resource allocation and adaptation for wireless systems},
author={Letaief, K.B. and Ying Jun Zhang},
journal={Wireless Communications, IEEE},
year={2006},
month={Aug. },
volume={13},
number={4},
pages={38-47},
keywords={3G mobile communication, MIMO systems, OFDM modulation, mobile radio, quality of service, resource allocation, wireless channelsMIMO, OFDM, QoS, cross-layer resource allocation, dynamic multiuser resource allocation, harsh wireless channel, quality of service, wireless broadband services, wireless systems},
doi={10.1109/MWC.2006.1678164},
ISSN={1536-1284}, }                                                                          

@ARTICLE{Schwarz2007,
title={Overview of the Scalable Video Coding Extension of the H.264/AVC Standard},
author={Schwarz, H. and Marpe, D. and Wiegand, T.},
journal={Circuits and Systems for Video Technology, IEEE Transactions on},
year={2007},
month={Sept. },
volume={17},
number={9},
pages={1103-1120},
doi={10.1109/TCSVT.2007.905532},
ISSN={1051-8215}, }

@standard{WiMAX2007,
title ={Standard for Local and metropolitan area networks Part 16:
         Air Interface for Fixed Broadband Wireless Access Systems},
  organization  = {IEEE},
  address       = {New York, NY},
  number        = {802.16},
  year          = {2007}
}

@ARTICLE{Rong2008,
title={Call Admission Control Optimization in WiMAX Networks},
author={Bo Rong and Yi Qian and Kejie Lu and Hsiao-Hwa Chen and Guizani, M.},
journal={Vehicular Technology, IEEE Transactions on},
year={2008},
month={July },
volume={57},
number={4},
pages={2509-2522},
doi={10.1109/TVT.2007.912595},
ISSN={0018-9545}, }

@inproceedings{Altman2004,
 author               = {Altman, E. and Borkar, V.S. and Kherani, A.A.},
 booktitle            = {Personal, Indoor and Mobile Radio Communications, 2004. PIMRC 2004. 15th IEEE International Symposium on},
 month                = {Sept.},
 pages                = {609-613},
 title                = {Optimal random access in networks with two-way traffic},
 volume               = {1},
 year                 = {2004},
 }

@article{Niyato2007,
 author               = {Dusit Niyato and Ekram Hossain},
 issn                 = {1536-1284},
 journal              = {Wireless Communications, IEEE},
 month                = {Feb.},
 number               = {1},
 pages                = {27-35},
 title                = {Radio resource management games in wireless networks: an approach to bandwidth allocation and admission control for polling service in IEEE 802.16 [Radio Resource Management and Protocol Engineering for IEEE 802.16]},
 volume               = {14},
 year                 = {2007},
 }

@inproceedings{Altman2007,
 author = {Altman, Eitan and Avrachenkov, Konstantin and Garnaev, Andrey},
 title = {Closed form solutions for water-filling problems in optimization and game frameworks},
 booktitle = {ValueTools '07 Proceedings of the 2nd international conference on Performance evaluation methodologies and tools},
 year = {2007},
 isbn = {978-963-9799-00-4},
 pages = {1--8},
 location = {Nantes, France},
 publisher = {ICST },
 address = { Brussels, Belgium},
 }

@ARTICLE{Berlemann2005,
title={Radio resource sharing games: enabling QoS support in unlicensed bands},
author={Berlemann, L. and Hiertz, G.R. and Walke, B.H. and Mangold, S.},
journal={Network, IEEE},
year={2005},
month={July-Aug.},
volume={19},
number={4},
pages={ 59-65},
doi={10.1109/MNET.2005.1470684},
ISSN={0890-8044}, }

@ARTICLE{Koskie2005,
title={A nash game algorithm for SIR-based power control in 3G wireless CDMA networks},
author={Koskie, S. and Gajic, Z.},
journal={Networking, IEEE/ACM Transactions on},
year={2005},
month={Oct.},
volume={13},
number={5},
pages={ 1017-1026},

doi={10.1109/TNET.2005.857068},
ISSN={1063-6692}, }

@ARTICLE{Chen2009,
title={Multiuser Rate Allocation Games for Multimedia Communications},
author={Yan Chen and Beibei Wang and Liu, K.J.R.},
journal={Multimedia, IEEE Transactions on},
year={2009},
month={Oct. },
volume={11},
number={6},
pages={1170-1181},
doi={10.1109/TMM.2009.2026101},
ISSN={1520-9210}, }

@ARTICLE{Huang2004,
title={Adaptive resource allocation for multimedia QoS management in wireless networks},
author={Lei Huang and Kumar, S. and Kuo, C.-C.J.},
journal={Vehicular Technology, IEEE Transactions on},
year={2004},
month={March},
volume={53},
number={2},
pages={ 547-558}
}

@ARTICLE{Chou2004,
title={Analysis of adaptive bandwidth allocation in wireless networks with multilevel degradable quality of service},
author={Chun-Ting Chou and Shin, K.G.},
journal={Mobile Computing, IEEE Transactions on},
year={2004},
month={Jan-Feb},
volume={3},
number={1},
pages={ 5-17},
doi={10.1109/TMC.2004.1261813},
ISSN={1536-1233}, }

@ARTICLE{Hu2004,
title={Priority-determined multiclass handoff scheme with guaranteed mobile QoS in wireless multimedia networks},
author={Hu, F. and Sharma, N.K.},
journal={Vehicular Technology, IEEE Transactions on},
year={2004},
month={Jan.},
volume={53},
number={1},
pages={ 118-135},
doi={10.1109/TVT.2003.819614},
ISSN={0018-9545}, }
,
ISSN={1536-1233}, }


