% ---------------------------------------------------------------------------------
% BIBLIOGRAPHY FILE for Zhiwei YAN's publications
% ---------------------------------------------------------------------------------
@INPROCEEDINGS{yanzw_1,
author={Zhiwei Yan and Lei Huang and Kuo, C.-C.J.},
journal={Communication Systems, 2008. ICCS 2008. 11th IEEE International Conference on}, title={Seamless high-velocity handover support in mobile WiMAX networks},
year={2008},
month={nov.},
volume={},
number={},
pages={1680 -1684},
keywords={IEEE 802.16e standard;adaptive forward error correction;handover signaling messages;mobile WiMAX networks;seamless high-velocity handover support;wireless networks;WiMax;forward error correction;mobile radio;},
doi={10.1109/ICCS.2008.4737467},
ISSN={},}


@INPROCEEDINGS{yanzw_2,
author={Zhiwei Yan and Guizhong Liu and Rui Su and Qing Zhang and Xiaoming Chen and Lishui Chen},
journal={Communications and Networking in China, 2009. ChinaCOM 2009. Fourth International Conference on}, title={A simulation mechanism for video delivery researches},
year={2009},
month={aug.},
volume={},
number={},
pages={1 -5},
keywords={NS-2 simulation;QoS control component;multimedia communication;quality of service;video decoding;video delivery;video encoding;multimedia communication;quality of service;video coding;video on demand;},
doi={10.1109/CHINACOM.2009.5339904},
ISSN={},}

